[gd_scene load_steps=10 format=2]

[ext_resource path="res://scene/Diagram.tscn" type="PackedScene" id=1]
[ext_resource path="res://scene/AccessLabel.gd" type="Script" id=2]
[ext_resource path="res://img/diagram02.png" type="Texture" id=3]
[ext_resource path="res://img/antioedipus2.png" type="Texture" id=4]

[sub_resource type="RectangleShape2D" id=5]
extents = Vector2( 4.2, 29.5 )

[sub_resource type="RectangleShape2D" id=6]
extents = Vector2( 4.45, 25.5 )

[sub_resource type="RectangleShape2D" id=7]
extents = Vector2( 3.70833, 29.75 )

[sub_resource type="RectangleShape2D" id=8]
extents = Vector2( 4.21154, 27 )

[sub_resource type="RectangleShape2D" id=1]
extents = Vector2( 6.84616, 10 )

[node name="Diagram" instance=ExtResource( 1 )]
rect_pivot_offset = Vector2( 512, 300 )

[node name="Antioedipus2" type="Sprite" parent="." index="1"]
position = Vector2( 1244, 255 )
texture = ExtResource( 4 )

[node name="MainImg" parent="." index="2"]
margin_left = 42.0
margin_top = 56.0
margin_right = 1027.0
margin_bottom = 978.0
rect_scale = Vector2( 0.75, 0.75 )
texture = ExtResource( 3 )

[node name="DemoName" parent="." index="4"]
text = "AO-DIAGRAM 2 - IMAGE DETECTION"

[node name="Labels" parent="." index="7"]
margin_left = -62.0
margin_right = 962.0

[node name="BodyEarth" type="Label" parent="Labels" index="0"]
margin_left = 139.0
margin_top = 15.0
margin_right = 337.0
margin_bottom = 50.0
mouse_filter = 0
text = "Body of the Earth"
script = ExtResource( 2 )

[node name="Area2D" type="Area2D" parent="Labels/BodyEarth" index="0"]
position = Vector2( 96, 19 )

[node name="CollisionShape2D" type="CollisionShape2D" parent="Labels/BodyEarth/Area2D" index="0"]
position = Vector2( -4, 57 )
scale = Vector2( 10, 1 )
shape = SubResource( 5 )

[node name="DespoticBody" type="Label" parent="Labels" index="1"]
margin_left = 284.0
margin_top = 67.0
margin_right = 482.0
margin_bottom = 102.0
mouse_filter = 0
text = "Despotic Body"
align = 1
script = ExtResource( 2 )

[node name="Area2D" type="Area2D" parent="Labels/DespoticBody" index="0"]
position = Vector2( 96, 19 )

[node name="CollisionShape2D" type="CollisionShape2D" parent="Labels/DespoticBody/Area2D" index="0"]
position = Vector2( -11, 47 )
scale = Vector2( 10, 1 )
shape = SubResource( 6 )

[node name="CapitalMoney" type="Label" parent="Labels" index="2"]
margin_left = 394.0
margin_top = 89.0
margin_right = 636.0
margin_bottom = 147.0
mouse_filter = 0
text = "Body of
capital-money"
align = 1
script = ExtResource( 2 )

[node name="Area2D" type="Area2D" parent="Labels/CapitalMoney" index="0"]
position = Vector2( 119, 19 )

[node name="CollisionShape2D" type="CollisionShape2D" parent="Labels/CapitalMoney/Area2D" index="0"]
position = Vector2( -5, 66 )
scale = Vector2( 12, 1 )
shape = SubResource( 7 )

[node name="BWO" type="Label" parent="Labels" index="3"]
margin_left = 564.0
margin_top = 148.0
margin_right = 830.0
margin_bottom = 183.0
mouse_filter = 0
text = "Full body without organs"
align = 1
script = ExtResource( 2 )

[node name="Area2D" type="Area2D" parent="Labels/BWO" index="0"]
position = Vector2( 128, 19 )

[node name="CollisionShape2D" type="CollisionShape2D" parent="Labels/BWO/Area2D" index="0"]
position = Vector2( -29.75, 48 )
scale = Vector2( 13, 1 )
shape = SubResource( 8 )

[node name="deterritorialzation" type="Label" parent="Labels" index="4"]
margin_left = 731.0
margin_top = 293.0
margin_right = 997.0
margin_bottom = 328.0
mouse_filter = 0
text = "Schizophrenic
process of
deterritorialization"
align = 1
script = ExtResource( 2 )

[node name="Area2D" type="Area2D" parent="Labels/deterritorialzation" index="0"]
position = Vector2( 128, 19 )

[node name="CollisionShape2D" type="CollisionShape2D" parent="Labels/deterritorialzation/Area2D" index="0"]
position = Vector2( -32.9999, -39 )
scale = Vector2( 13, 4 )
shape = SubResource( 1 )

[node name="schizophrenia" type="Label" parent="Labels" index="5"]
margin_left = 523.0
margin_top = 538.0
margin_right = 789.0
margin_bottom = 619.0
mouse_filter = 0
text = "Schizophrenia as a
clinical entity"
align = 1
script = ExtResource( 2 )

[node name="Area2D" type="Area2D" parent="Labels/schizophrenia" index="0"]
position = Vector2( 128, 19 )

[node name="CollisionShape2D" type="CollisionShape2D" parent="Labels/schizophrenia/Area2D" index="0"]
position = Vector2( 5, 23 )
scale = Vector2( 13, 4 )
shape = SubResource( 1 )

[node name="Perversion" type="Label" parent="Labels" index="6"]
margin_left = 225.0
margin_top = 331.0
margin_right = 491.0
margin_bottom = 412.0
rect_rotation = 31.3
mouse_filter = 0
text = "Perversions as
territorial entities"
align = 1
script = ExtResource( 2 )

[node name="Area2D" type="Area2D" parent="Labels/Perversion" index="0"]
position = Vector2( 128, 19 )

[node name="CollisionShape2D" type="CollisionPolygon2D" parent="Labels/Perversion/Area2D" index="0"]
position = Vector2( -17.9834, -41.4205 )
scale = Vector2( 13, 4 )
polygon = PoolVector2Array( -16.8188, -33.7666, -12.0747, -7.44585, -8.11367, 1.6968, -2.31226, 7.20283, 3.04167, 5.98595, 8.61065, -0.337196, 13.1521, -13.1149, 15.3364, -23.5753, 16.7808, -34.6218, 17.3629, -48.3531, 16.2886, -66.1258, 15.6639, -54.0659, 15.4994, -42.9152, 14.015, -32.0823, 12.202, -20.6, 7.91181, -7.44118, 4.17427, -2.39635, -1.57139, 1.05752, -5.5219, -2.25429, -8.94923, -8.06285, -11.6536, -15.3001, -14.4226, -29.1389, -15.7129, -35.074 )

[node name="Paranoia" type="Label" parent="Labels" index="7"]
margin_left = 295.0
margin_top = 224.0
margin_right = 561.0
margin_bottom = 305.0
rect_rotation = 33.0
mouse_filter = 0
text = "Paranoiac psychoses as
despotic entities"
align = 1
script = ExtResource( 2 )

[node name="Area2D" type="Area2D" parent="Labels/Paranoia" index="0"]
position = Vector2( 128, 19 )

[node name="CollisionShape2D" type="CollisionPolygon2D" parent="Labels/Paranoia/Area2D" index="0"]
position = Vector2( 18.6982, -43.1132 )
scale = Vector2( 13, 4 )
polygon = PoolVector2Array( -9.81174, -11.3884, -8.68057, -5.72734, -4.95704, 2.80886, -1.58126, 7.30959, 1.19537, 6.51682, 3.80443, 4.88539, 7.12982, -0.0464439, 9.47824, -6.19535, 11.1689, -13.3408, 11.9053, -22.0491, 12.3651, -36.7318, 10.7993, -22.9939, 8.66296, -10.7345, 5.18259, -4.28322, 1.53798, 0.428089, -1.29983, 0.455688, -4.84986, -3.08106, -7.34841, -8.24088, -8.17964, -14.2369 )

[node name="Paranoia2" type="Label" parent="Labels" index="8"]
margin_left = 396.0
margin_top = 154.0
margin_right = 662.0
margin_bottom = 235.0
rect_rotation = 33.0
mouse_filter = 0
text = "Oedipal neuroses
as familial entities"
align = 1
script = ExtResource( 2 )

[node name="Area2D" type="Area2D" parent="Labels/Paranoia2" index="0"]
position = Vector2( 128, 19 )

[node name="CollisionShape2D" type="CollisionPolygon2D" parent="Labels/Paranoia2/Area2D" index="0"]
position = Vector2( 54.5908, -32.7492 )
scale = Vector2( 13, 4 )
polygon = PoolVector2Array( 5.48562, -10.3601, 4.47192, -1.66263, 2.35892, 4.28746, -0.508186, 6.46353, -3.12984, 5.73682, -3.92919, 2.65446, -2.93219, -1.53641, -1.25228, -0.0144577, 0.882568, -0.346939, 2.85652, -3.32075 )

[node name="Preview" parent="." index="8"]
visible = true

[connection signal="area_entered" from="Labels/BodyEarth/Area2D" to="Labels/BodyEarth" method="_on_Area2D_area_entered"]
[connection signal="area_exited" from="Labels/BodyEarth/Area2D" to="Labels/BodyEarth" method="_on_Area2D_area_exited"]
[connection signal="area_entered" from="Labels/DespoticBody/Area2D" to="Labels/DespoticBody" method="_on_Area2D_area_entered"]
[connection signal="area_exited" from="Labels/DespoticBody/Area2D" to="Labels/DespoticBody" method="_on_Area2D_area_exited"]
[connection signal="area_entered" from="Labels/CapitalMoney/Area2D" to="Labels/CapitalMoney" method="_on_Area2D_area_entered"]
[connection signal="area_exited" from="Labels/CapitalMoney/Area2D" to="Labels/CapitalMoney" method="_on_Area2D_area_exited"]
[connection signal="area_entered" from="Labels/BWO/Area2D" to="Labels/BWO" method="_on_Area2D_area_entered"]
[connection signal="area_exited" from="Labels/BWO/Area2D" to="Labels/BWO" method="_on_Area2D_area_exited"]
[connection signal="area_entered" from="Labels/deterritorialzation/Area2D" to="Labels/deterritorialzation" method="_on_Area2D_area_entered"]
[connection signal="area_exited" from="Labels/deterritorialzation/Area2D" to="Labels/deterritorialzation" method="_on_Area2D_area_exited"]
[connection signal="area_entered" from="Labels/schizophrenia/Area2D" to="Labels/schizophrenia" method="_on_Area2D_area_entered"]
[connection signal="area_exited" from="Labels/schizophrenia/Area2D" to="Labels/schizophrenia" method="_on_Area2D_area_exited"]
[connection signal="area_entered" from="Labels/Perversion/Area2D" to="Labels/Perversion" method="_on_Area2D_area_entered"]
[connection signal="area_exited" from="Labels/Perversion/Area2D" to="Labels/Perversion" method="_on_Area2D_area_exited"]
[connection signal="area_entered" from="Labels/Paranoia/Area2D" to="Labels/Paranoia" method="_on_Area2D_area_entered"]
[connection signal="area_exited" from="Labels/Paranoia/Area2D" to="Labels/Paranoia" method="_on_Area2D_area_exited"]
[connection signal="area_entered" from="Labels/Paranoia2/Area2D" to="Labels/Paranoia2" method="_on_Area2D_area_entered"]
[connection signal="area_exited" from="Labels/Paranoia2/Area2D" to="Labels/Paranoia2" method="_on_Area2D_area_exited"]
